<?xml version="1.0" encoding="UTF-8"?><collection xmlns="http://www.loc.gov/MARC21/slim"><record><leader>00390nam--2200145-i-4500</leader><controlfield tag="001">000012798</controlfield><controlfield tag="002">20161230</controlfield><controlfield tag="005">20170304142410</controlfield><controlfield tag="008">060222s1000------------r-----000-0-eng-d</controlfield><datafield ind1=" " ind2=" " tag="245"><subfield code="a">Traite de geophysique interne. Tome 1: Seismologie et pesanteur</subfield></datafield><datafield ind1=" " ind2=" " tag="260"><subfield code="a">Paris</subfield><subfield code="b">Masson &amp; C-ie</subfield><subfield code="c">1973</subfield></datafield><datafield ind1=" " ind2=" " tag="300"><subfield code="a">25 p.+646</subfield></datafield><datafield ind1=" " ind2=" " tag="700"><subfield code="a">Jobert, Georges</subfield></datafield><datafield ind1=" " ind2=" " tag="852"><subfield code="a">530.3</subfield></datafield><datafield ind1=" " ind2=" " tag="CAT"><subfield code="a">SYS</subfield><subfield code="c">20170304</subfield><subfield code="h">142410</subfield></datafield></record></collection>